% This file was created with JabRef 2.10.
% Encoding: UTF-8


@Electronic{qpi-intel,
  Title                    = {An introduction to the Intel QuickPath Interconnect.},
  Author                   = {Intel Corporation},
  HowPublished             = {Whitepaper},
  Month                    = {January},
  Organization             = {Intel Corporation},
  Url                      = {http://www.intel.de/content/dam/doc/white-paper/quick-path-interconnect-introduction-paper.pdf},
  Year                     = {2009},

  Owner                    = {do},
  Timestamp                = {2015.09.27}
}

@Electronic{intel-devguide,
  Title                    = {Intel 64 and IA-32 Architechtures Software Developer's Manual, Volume 3: System Programming Guide},
  Author                   = {"Intel Corporation"},
  Month                    = {January},
  Url                      = {http://www.intel.com/content/www/us/en/processors/architectures-software-developer-manuals.html},
  Year                     = {2015},

  Owner                    = {golden},
  Timestamp                = {2015.10.07}
}

@Electronic{amd-ibs,
  Title                    = {Instruction-Based Sampling: A New Performance Analysis Technique for AMD Family 10h Processors},
  Author                   = {Paul J. Drongowski},
  Month                    = {November},
  Organization             = {AMD},
  Url                      = {http://developer.amd.com/wordpress/media/2012/10/AMD_IBS_paper_EN.pdf},
  Year                     = {2017},

  Owner                    = {golden},
  Timestamp                = {2015.10.07}
}

@Electronic{pcarch-carbo,
  Title                    = {PC Architecture},
  Author                   = {Michael Karbo and Eli Aps},
  HowPublished             = {Electronic Book},
  Url                      = {http://www.karbosguide.com/books/pcarchitecture/chapter00.htm},

  Owner                    = {do},
  Timestamp                = {2015.09.27}
}

@Electronic{libnuma,
  Title                    = {A NUMA API for Linux},
  Author                   = {Adreas Kleen},
  Month                    = {April},
  Organization             = {AMD},
  Url                      = {http://developer.amd.com/wordpress/media/2012/10/LibNUMA-WP-fv1.pdf},
  Year                     = {2005},

  Owner                    = {golden},
  Timestamp                = {2015.10.07}
}

@incollection{autopin,
year={2011},
isbn={978-3-642-19447-4},
booktitle={Transactions on High-Performance Embedded Architectures and Compilers III},
volume={6590},
series={Lecture Notes in Computer Science},
editor={Stenström, Per},
doi={10.1007/978-3-642-19448-1_12},
title={autopin – Automated Optimization of Thread-to-Core Pinning on Multicore Systems},
url={http://dx.doi.org/10.1007/978-3-642-19448-1_12},
publisher={Springer Berlin Heidelberg},
keywords={Multicore; CMP; automatic performance optimization; hardware performance counters; CPU binding; thread placement},
author={Klug, Tobias and Ott, Michael and Weidendorfer, Josef and Trinitis, Carsten},
pages={219-235},
language={English}
}