@book{latex,
  title = {LaTeX : A Documentation Preparation System User's Guide and Reference Manual},
  publisher = {Addison-Wesley Professional},
  year = {1994},
  author = {Leslie Lamport}
}

@misc{qpi-intel,
  Title                    = {An introduction to the Intel QuickPath Interconnect.},
  Author                   = "{Intel Corporation}",
	HowPublished             = "\url{http://www.intel.de/content/dam/doc/white-paper/quick-path-interconnect-introduction-paper.pdf}",
  Month                    = {January},
  Organization             = {Intel Corporation},
  Year                     = {2009},
  Owner                    = {do},
  Timestamp                = {2015.09.27}
}

@online{pcarch-carbo,
  Title                    = {PC Architecture},
  Author                   = {Michael Karbo and Eli Aps},
  HowPublished             = {Electronic Book},
  url                      = {http://www.karbosguide.com/books/pcarchitecture/chapter00.htm},
  Owner                    = {do},
  Timestamp                = {2015.09.27}
}
